<record><leader>00000cas a2200000 a 4500</leader><controlfield tag="001">25704330</controlfield><controlfield tag="008">920424d18941925maudn ne      0    0eng  </controlfield><datafield ind1=" " ind2=" " tag="010"><subfield code="a">ca 08001857 </subfield></datafield><datafield ind1=" " ind2=" " tag="040"><subfield code="a">DLC</subfield><subfield code="b">eng</subfield><subfield code="c">BAT</subfield><subfield code="d">MGN</subfield><subfield code="d">DLC</subfield><subfield code="d">OCLCQ</subfield><subfield code="d">OCLCF</subfield><subfield code="d">OCLCO</subfield></datafield><datafield ind1="1" ind2=" " tag="029"><subfield code="a">AU@</subfield><subfield code="b">000025649702</subfield></datafield><datafield ind1=" " ind2=" " tag="042"><subfield code="a">pcc</subfield></datafield><datafield ind1=" " ind2=" " tag="043"><subfield code="a">n-us-ma</subfield></datafield><datafield ind1="0" ind2="0" tag="050"><subfield code="a">HG1</subfield><subfield code="b">.B9</subfield></datafield><datafield ind1="0" ind2="0" tag="245"><subfield code="a">Boston financial news.</subfield></datafield><datafield ind1=" " ind2=" " tag="260"><subfield code="a">Boston, Mass. :</subfield><subfield code="b">Stock Quotation Telegraph Co.</subfield></datafield><datafield ind1=" " ind2=" " tag="300"><subfield code="a">v.</subfield></datafield><datafield ind1=" " ind2=" " tag="310"><subfield code="a">Daily (except Sunday)</subfield></datafield><datafield ind1="1" ind2=" " tag="362"><subfield code="a">Began in 1894; ceased in 1925?</subfield></datafield><datafield ind1=" " ind2=" " tag="500"><subfield code="a">Previously classed as a periodical in LC.</subfield></datafield><datafield ind1=" " ind2=" " tag="500"><subfield code="a">LDR for DLC to be input at a future date.</subfield></datafield><datafield ind1=" " ind2=" " tag="580"><subfield code="a">Morning ed.: New England statist, &lt;1899&gt;-1903, and: Statist, 1903-</subfield></datafield><datafield ind1=" " ind2=" " tag="588"><subfield code="a">Description based on: Vol. 3, no. 1 (Nov. 18 [i.e. 23], 1896).</subfield></datafield><datafield ind1=" " ind2=" " tag="588"><subfield code="a">Latest issue consulted: Vol. 8, no. 296 (Dec. 31, 1902).</subfield></datafield><datafield ind1=" " ind2="0" tag="651"><subfield code="a">Boston (Mass.)</subfield><subfield code="v">Newspapers.</subfield></datafield><datafield ind1=" " ind2="7" tag="655"><subfield code="a">Newspapers.</subfield><subfield code="2">fast</subfield><subfield code="0">(OCoLC)fst01423814</subfield></datafield><datafield ind1=" " ind2="7" tag="651"><subfield code="a">Massachusetts</subfield><subfield code="z">Boston.</subfield><subfield code="2">fast</subfield><subfield code="0">(OCoLC)fst01205012</subfield></datafield><datafield ind1=" " ind2=" " tag="752"><subfield code="a">United States</subfield><subfield code="b">Massachusetts</subfield><subfield code="c">Suffolk</subfield><subfield code="d">Boston.</subfield></datafield><datafield ind1="1" ind2=" " tag="775"><subfield code="t">New England statist</subfield><subfield code="w">(DLC)sn 85042893</subfield></datafield><datafield ind1="1" ind2=" " tag="775"><subfield code="t">Statist</subfield><subfield code="w">(DLC)sn 85042875</subfield></datafield></record>